@article{RML2021,
title = {{RML}: Theory and practice of a domain specific language for runtime verification},
journal = {Science of Computer Programming},
volume = {205},
pages = {102610},
year = {2021},
issn = {0167-6423},
doi = {https://doi.org/10.1016/j.scico.2021.102610},
author = {Davide Ancona and Luca Franceschini and Angelo Ferrando and Viviana Mascardi},
}
